@INPROCEEDINGS{9678932,  author={Jhon, DO},  booktitle={2021 36th IEEE/ACM International Conference on Automated Software Engineering (ASE)},   title={test},   year={2021},  volume={},  number={},  pages={1082-1086},  doi={10.1109/ASE51524.2021.9678932}}

@book{fowler2018refactoring,
  title={Refactoring: improving the design of existing code},
  author={Fowler, Martin},
  year={2018},
  publisher={Addison-Wesley Professional}
}

@inproceedings{silva2016we,
  title={Why we refactor? confessions of github contributors},
  author={Silva, Danilo and Tsantalis, Nikolaos and Valente, Marco Tulio},
  booktitle={Proceedings of the 2016 24th acm sigsoft international symposium on foundations of software engineering},
  pages={858--870},
  year={2016}
}

@article{opdyke1992refactoring,
  title={Refactoring object-oriented frameworks},
  author={Opdyke, William F},
  year={1992},
  publisher={Citeseer}
}